<?xml version="1.0" encoding="UTF-8"?><collection xmlns="http://www.loc.gov/MARC21/slim"><record><leader>00392nam--2200145-i-4500</leader><controlfield tag="001">000020832</controlfield><controlfield tag="002">20161230</controlfield><controlfield tag="005">20161230201033</controlfield><controlfield tag="008">060222s1000------------r-----000-0-eng-d</controlfield><datafield ind1=" " ind2=" " tag="080"><subfield code="a">548</subfield></datafield><datafield ind1=" " ind2=" " tag="100"><subfield code="a">Muscutariu, Ion /S.A.</subfield></datafield><datafield ind1=" " ind2=" " tag="245"><subfield code="a">Elemente de structura si simetria cristalelor -sio2</subfield></datafield><datafield ind1=" " ind2=" " tag="260"><subfield code="a">Timisoara, Univ.Din Timisoara, 1986. 85 P</subfield></datafield><datafield ind1=" " ind2=" " tag="490"><subfield code="a">Monografii De Fizica</subfield></datafield><datafield ind1=" " ind2=" " tag="852"><subfield code="a">74617</subfield></datafield></record></collection>